@incollection{DECHTER2003333,
title = {chapter 12 - Temporal Constraint Networks},
editor = {Rina Dechter},
booktitle = {Constraint Processing},
publisher = {Morgan Kaufmann},
address = {San Francisco},
pages = {333-362},
year = {2003},
series = {The Morgan Kaufmann Series in Artificial Intelligence},
isbn = {978-1-55860-890-0},
doi = {https://doi.org/10.1016/B978-155860890-0/50013-X},
url = {https://www.sciencedirect.com/science/article/pii/B978155860890050013X},
author = {Rina Dechter}
}