@incollection{LOFTUS200365,
title = {4 - Genome Sequencing, Assembly and Gene Prediction in Fungi},
editor = {Dilip K. Arora and George G. Khachatourians},
series = {Applied Mycology and Biotechnology},
publisher = {Elsevier},
volume = {3},
pages = {65-81},
year = {2003},
booktitle = {Fungal Genomics},
issn = {1874-5334},
doi = {https://doi.org/10.1016/S1874-5334(03)80007-2},
url = {https://www.sciencedirect.com/science/article/pii/S1874533403800072},
author = {Brendan Loftus}
}