@Inbook{ref1,
title="Kolmogorov--Smirnov Test",
bookTitle="The Concise Encyclopedia of Statistics",
year="2008",
publisher="Springer New York",
address="New York, NY",
pages="283--287",
isbn="978-0-387-32833-1",
doi="10.1007/978-0-387-32833-1_214",
url="https://doi.org/10.1007/978-0-387-32833-1_214"
}

