





















@article{doi:10.1080/10408390600762696,
author = {Theodoros H. Varzakas, Ioannis S. Arvanitoyannis and Haralambos Baltas},
title = {The Politics and Science Behind GMO Acceptance},
journal = {Critical Reviews in Food Science and Nutrition},
volume = {47},
number = {4},
pages = {335-361},
year = {2007},
publisher = {Taylor & Francis},
doi = {10.1080/10408390600762696},

    note ={PMID: 17457721},


URL = { 
    
        https://doi.org/10.1080/10408390600762696
    
    

},
eprint = { 
    
        https://doi.org/10.1080/10408390600762696
    
    

}

}


