
@online{noauthor_zotero_nodate,
	title = {Zotero {\textbar} Connectors},
	url = {https://www.zotero.org/download/connectors},
	urldate = {2025-07-12},
}
